@string {DATE = "Proc. DATE"}

@string {SAMOS = "Proc. SAMOS"}

@string {CF = "Proc. CF"}

@string {DSD = "Proc. DSD"}

@string {RTCSA = "Proc. RTCSA"}

@article{goossens2013virtual,
  title={{Virtual execution platforms for mixed-time-criticality systems: the CompSOC architecture and design flow}},
  author={Goossens  {\it{et al.}}, Kees},
  journal={ACM SIGBED Review},
  volume={10},
  number={3},
  year={2013},
  publisher={ACM}
}

@manual{pmodsheet,
  author = {{Digilent~Inc.}},
  title = {{PmodI\textsuperscript{2}S Reference Manual}},
  year = {2013},
  month = {August},
  howpublished = "\url{http://www.digilentinc.com/Data/Products/PMOD-I2S/PmodI2S_rm.pdf}",
  note = {[Online; accessed 25-Feb-2014]}
}

@article{aesrecommendation,
    author = {{Audio Engineering Society}},
    title   = {{AES} Recommended Practice for professional digital audio applications employing pulse-code modulation-preferred sampling frequencies},
    journal = {Journal of the Audio Engineering Society},
    volume  = {32},
    number  = {10},
    month = {October},
    year    = {1984},
    address = {USA},
    pages  = {781-785}
}

@manual{microblaze,
  author = {{Xilinx~Inc.}},
  title = {{MicroBlaze Processor Reference Guide}},
  year = {2012},
  month = {April},
  howpublished = "\url{http://www.xilinx.com/support/documentation/sw_manuals/xilinx14_1/mb_ref_guide.pdf}",
  note = {[Online; accessed 1-Mar-2014]}
}

@inproceedings{akesson2009composable,
  title={Composable resource sharing based on latency-rate servers},
  author={Akesson, Benny and Hansson, Andreas and Goossens, Kees},
  booktitle={Digital System Design, Architectures, Methods and Tools, 2009. DSD'09. 12th Euromicro Conference on},
  pages={547-555},
  year={2009},
  organization={IEEE}
}

@book{hansson2011chip,
  title={On-Chip Interconnect with Aelite},
  author={Hansson, Andreas and Goossens, Kees},
  year={2011},
  publisher={Springer}
}

@manual{cirruslogic,
  author = {{Cirrus~Logic~Inc.}},
  title = {{CS4344/5/8}},
  year = {2013},
  howpublished = "\url{http://www.cirrus.com/en/pubs/proDatasheet/CS4344-45-48_F2.pdf}",
  note = {[Online; accessed 25-Feb-2014]}
}
  