@string {DATE = "Proc. DATE"}

@string {SAMOS = "Proc. SAMOS"}

@string {CF = "Proc. CF"}

@string {DSD = "Proc. DSD"}

@string {RTCSA = "Proc. RTCSA"}

@article{coursebook,
  	author={Radulov G} ,
 	title={Course book 5TT50, TU/e},
	journal   = " ",
        year    = {2014}

}
@article{powerdac,
    	author = {Hanyue Li, Bing Yin, Jinhua Cao, Yijing Zhang, Rui Wang},
   	 title   = {Design of a 4-bit Power DAC Achieving the Output Power of 16.59dBm with IMD3<-31dBc up to 5GHz},
  	journal   = " ",  
	year    = {2014}

}